%% LaTeX2e file `refs.bib'
%% generated by the `filecontents' environment
%% from source `PH385_lab_manual' on 2018/01/22.
%%
@article{giordano1997computational,
  title={Computational physics},
  author={Giordano, Nicholas J and De Jong, Marvin L and McKay, Susan R and Christian, Wolfgang and others},
  journal={Computers in Physics},
  volume={11},
  number={4},
  pages={351--351},
  year={1997},
  publisher={AIP Publishing}
}
