%  This info was copied directly from Google, not entered by hand.
@article{Hohenberg1964,
  title = {Inhomogeneous Electron Gas},
  author = {Hohenberg, P. and Kohn, W.},
  journal = {Phys. Rev.},
  volume = {136},
  issue = {3B},
  pages = {B864--B871},
  year = {1964},
  month = {Nov},
  doi = {10.1103/PhysRev.136.B864},
  url = {http://link.aps.org/doi/10.1103/PhysRev.136.B864},
  publisher = {American Physical Society}
}

@article{Kohn1965,
  title = {Self-Consistent Equations Including Exchange and Correlation Effects},
  author = {Kohn, W. and Sham, L. J.},
  journal = {Phys. Rev.},
  volume = {140},
  issue = {4A},
  pages = {A1133--A1138},
  year = {1965},
  month = {Nov},
  doi = {10.1103/PhysRev.140.A1133},
  url = {http://link.aps.org/doi/10.1103/PhysRev.140.A1133},
  publisher = {American Physical Society}
}

@article{nelson2013cluster,
  title={Cluster expansion made easy with Bayesian compressive sensing},
  author={Nelson, Lance J and Ozoli{\c{n}}{\v{s}}, Vidvuds and Reese, C Shane and Zhou, Fei and Hart, Gus LW},
  journal={Physical Review B},
  volume={88},
  number={15},
  pages={155105},
  year={2013},
  publisher={APS}
}



@article{erlichson1983maximum,
  title={Maximum projectile range with drag and lift, with particular application to golf},
  author={Erlichson, Herman},
  journal={American Journal of Physics},
  volume={51},
  number={4},
  pages={357--362},
  year={1983},
  publisher={AAPT}
}